@article{kundu2022,
  title={Accuracy of a one-dimensional reduction of dynamical systems on networks},
  author={Kundu, Prosenjit and Kori, Hiroshi and Masuda, Naoki},
  journal={Physical Review E},
  volume={105},
  number={2},
  pages={024305},
  year={2022},
  publisher={APS}
}


@article{erdos1959,
  title = {On random graphs},
  year = {1959},
  author = {Erd\H{o}s, P and R\'enyi, A},
  journal = {Publicationes Mathematicae},
  volume = {6},
  pages = {290--297}
}

@article{barabasi1999,
  title={Emergence of scaling in random networks},
  author={Barab{\'a}si, Albert-L{\'a}szl{\'o} and Albert, R{\'e}ka},
  journal={science},
  volume={286},
  number={5439},
  pages={509--512},
  year={1999},
  publisher={American Association for the Advancement of Science}
}

 @article{lancichinetti2008,
  title={Benchmark graphs for testing community detection algorithms},
  author={Lancichinetti, Andrea and Fortunato, Santo and Radicchi, Filippo},
  journal={Physical review E},
  volume={78},
  number={4},
  pages={046110},
  year={2008},
  publisher={APS}
}

 
 @article{cho2009,
  title={Percolation transitions in scale-free networks under the Achlioptas process},
  author={Cho, Young Sul and Kim, Jin Seop and Park, Juyong and Kahng, Byungnam and Kim, Doochul},
  journal={Physical review letters},
  volume={103},
  number={13},
  pages={135702},
  year={2009},
  publisher={APS}
}

 @Article{csardi2006,
    title = {The igraph software package for complex network research},
    author = {Gabor Csardi and Tamas Nepusz},
    journal = {InterJournal},
    volume = {Complex Systems},
    pages = {1695},
    year = {2006},
    url = {https://igraph.org},
  }

@Manual{pinheiro2021,
    title = {{nlme}: Linear and Nonlinear Mixed Effects Models},
    author = {Jose Pinheiro and Douglas Bates and Saikat DebRoy and Deepayan Sarkar and {R Core Team}},
    year = {2021},
    note = {R package version 3.1-153},
    url = {https://CRAN.R-project.org/package=nlme},
  }

@article{freeman1988,
  title={On human social intelligence},
  author={Freeman, Linton C and Freeman, Sue C and Michaelson, Alaina G},
  journal={Journal of Social and Biological Structures},
  volume={11},
  number={4},
  pages={415--425},
  year={1988},
  publisher={Elsevier}
}

@book{coleman1964,
  title={Introduction to mathematical sociology.},
  author={Coleman, James Samuel},
  publisher={Free Press},
  address={New York},
  year={1964}
}

@article{freeman1998,
  title={Exploring social structure using dynamic three-dimensional color images},
  author={Freeman, Linton C and Webster, Cynthia M and Kirke, Deirdre M},
  journal={Social networks},
  volume={20},
  number={2},
  pages={109--118},
  year={1998},
  publisher={Elsevier}
}

@article{adelman2015,
  title={Feeder use predicts both acquisition and transmission of a contagious pathogen in a North American songbird},
  author={Adelman, James S and Moyers, Sahnzi C and Farine, Damien R and Hawley, Dana M},
  journal={Proceedings of the Royal Society B: Biological Sciences},
  volume={282},
  number={1815},
  pages={20151429},
  year={2015},
  publisher={The Royal Society}
}

@article{sah2016,
  title={Inferring social structure and its drivers from refuge use in the desert tortoise, a relatively solitary species},
  author={Sah, Pratha and Nussear, Kenneth E and Esque, Todd C and Aiello, Christina M and Hudson, Peter J and Bansal, Shweta},
  journal={Behavioral Ecology and Sociobiology},
  volume={70},
  number={8},
  pages={1277--1289},
  year={2016},
  publisher={Springer}
}

@article{davis2015,
  title={Spatial analyses of wildlife contact networks},
  author={Davis, Stephen and Abbasi, Babak and Shah, Shrupa and Telfer, Sandra and Begon, Mike},
  journal={Journal of the Royal Society Interface},
  volume={12},
  number={102},
  pages={20141004},
  year={2015},
  publisher={The Royal Society}
}

@article{casey2015,
  title={Rival assessment among northern elephant seals: evidence of associative learning during male--male contests},
  author={Casey, Caroline and Charrier, Isabelle and Mathevon, Nicolas and Reichmuth, Colleen},
  journal={Royal Society Open Science},
  volume={2},
  number={8},
  pages={150228},
  year={2015},
  publisher={The Royal Society Publishing}
}

@article{silvis2014,
  title={Roosting and foraging social structure of the endangered Indiana bat (Myotis sodalis)},
  author={Silvis, Alexander and Kniowski, Andrew B and Gehrt, Stanley D and Ford, W Mark},
  journal={PLoS One},
  volume={9},
  number={5},
  pages={e96937},
  year={2014},
  publisher={Public Library of Science San Francisco, USA}
}

@article{weeks2002,
  title={Social networks of drug users in high-risk sites: Finding the connections},
  author={Weeks, Margaret R and Clair, Scott and Borgatti, Stephen P and Radda, Kim and Schensul, Jean J},
  journal={AIDS and Behavior},
  volume={6},
  number={2},
  pages={193--206},
  year={2002},
  publisher={Springer}
}

@article{bull2012,
  title={Social networks and the spread of Salmonella in a sleepy lizard population},
  author={Bull, C Michael and Godfrey, SS and Gordon, DM},
  journal={Molecular Ecology},
  volume={21},
  number={17},
  pages={4386--4392},
  year={2012},
  publisher={Wiley Online Library}
}

@article{firth2015,
  title={Experimental manipulation of avian social structure reveals segregation is carried over across contexts},
  author={Firth, Josh A and Sheldon, Ben C},
  journal={Proceedings of the Royal Society B: Biological Sciences},
  volume={282},
  number={1802},
  pages={20142350},
  year={2015},
  publisher={The Royal Society}
}

@article{newman2006,
  title={Finding community structure in networks using the eigenvectors of matrices},
  author={Newman, Mark EJ},
  journal={Physical review E},
  volume={74},
  number={3},
  pages={036104},
  year={2006},
  publisher={APS}
}

@article{lusseau2003,
  title={The bottlenose dolphin community of Doubtful Sound features a large proportion of long-lasting associations},
  author={Lusseau, David and Schneider, Karsten and Boisseau, Oliver J and Haase, Patti and Slooten, Elisabeth and Dawson, Steve M},
  journal={Behavioral Ecology and Sociobiology},
  volume={54},
  number={4},
  pages={396--405},
  year={2003},
  publisher={Springer}
}


@article{vandijk2014,
  title={Cooperative investment in public goods is kin directed in communal nests of social birds},
  author={van Dijk, Rene E and Kaden, Jennifer C and Arg{\"u}elles-Tic{\'o}, Araceli and Dawson, Deborah A and Burke, Terry and Hatchwell, Ben J},
  journal={Ecology letters},
  volume={17},
  number={9},
  pages={1141--1148},
  year={2014},
  publisher={Wiley Online Library}
}


@article{gleiser2003,
  title={Community structure in jazz},
  author={Gleiser, Pablo M and Danon, Leon},
  journal={Advances in complex systems},
  volume={6},
  number={04},
  pages={565--573},
  year={2003},
  publisher={World Scientific}
}

@article{zachary1977,
  title={An information flow model for conflict and fission in small groups},
  author={Zachary, Wayne W},
  journal={Journal of anthropological research},
  volume={33},
  number={4},
  pages={452--473},
  year={1977},
  publisher={University of New Mexico}
}

@article{gill2014,
  title={Lethal connections: The determinants of network connections in the Provisional Irish Republican Army, 1970--1998},
  author={Gill, Paul and Lee, Jeongyoon and Rethemeyer, Karl R and Horgan, John and Asal, Victor},
  journal={International Interactions},
  volume={40},
  number={1},
  pages={52--78},
  year={2014},
  publisher={Taylor \& Francis}
}

@Manual{schoch2022,
    title = {networkdata: Repository of Network Datasets},
    author = {David Schoch},
    year = {2022},
    note = {R package version 0.1.10},
    url = {https://github.com/schochastics/networkdata},
  }
  

